@book{van1995python,
  title={Python tutorial},
  author={Van Rossum, Guido and Drake Jr, Fred L},
  volume={620},
  year={1995},
  publisher={Centrum voor Wiskunde en Informatica Amsterdam, The Netherlands}
}

@book{crawley2012r,
  title={The R book},
  author={Crawley, Michael J},
  year={2012},
  publisher={John Wiley \& Sons}
}

@article{beazley2014command,
  title={Command Line Option Parsing},
  author={Beazley, David},
  journal={; login:: the magazine of USENIX \& SAGE},
  volume={39},
  number={4},
  pages={58--61},
  year={2014},
  publisher={USENIX Association}
}

@incollection{komer2019hyperopt,
  title={Hyperopt-sklearn},
  author={Komer, Brent and Bergstra, James and Eliasmith, Chris},
  booktitle={Automated Machine Learning},
  pages={97--111},
  year={2019},
  publisher={Springer, Cham}
}

@article{vanderplas2018altair,
  title={Altair: interactive statistical visualizations for Python},
  author={VanderPlas, Jacob and Granger, Brian and Heer, Jeffrey and Moritz, Dominik and Wongsuphasawat, Kanit and Satyanarayan, Arvind and Lees, Eitan and Timofeev, Ilia and Welsh, Ben and Sievert, Scott},
  journal={Journal of open source software},
  volume={3},
  number={32},
  pages={1057},
  year={2018},
  publisher={The Open Journal}
}

@book{tosi2009matplotlib,
  title={Matplotlib for Python developers},
  author={Tosi, Sandro},
  year={2009},
  publisher={Packt Publishing Ltd}
}

@misc{misc_predict_students'_dropout_and_academic_success_697,
  author       = {Realinho,Valentim, Vieira Martins,Mónica, Machado,Jorge & Baptista,Luís},
  title        = {{Predict students' dropout and academic success}},
  year         = {2021},
  howpublished = {UCI Machine Learning Repository},
  note         = {{DOI}: \url{1}}
}

@article{realinho2022predicting,
  title={Predicting Student Dropout and Academic Success},
  author={Realinho, Valentim and Machado, Jorge and Baptista, Lu{\'\i}s and Martins, M{\'o}nica V},
  journal={Data},
  volume={7},
  number={11},
  pages={146},
  year={2022},
  publisher={MDPI}
}

@article{nguyen2020classification,
  title={Classification optimization for training a large dataset with Na{\"\i}ve Bayes},
  author={Nguyen, Thi Thanh Sang and Do, Pham Minh Thu},
  journal={Journal of Combinatorial Optimization},
  volume={40},
  number={1},
  pages={141--169},
  year={2020},
  publisher={Springer}
}

@book{kleinbaum2002logistic,
  title={Logistic regression},
  author={Kleinbaum, David G and Dietz, K and Gail, M and Klein, Mitchel and Klein, Mitchell},
  year={2002},
  publisher={Springer}
}